@article{Sausen05,
author = {Sausen, Robert and Isaksen, Ivar and Hauglustaine, Didier and Volker, Grewe and Lee, David and Myhre, Gunnar and K{\"o}hler, Marcus and Pitari, Giavanni and Schumann, Ulrich and Stordal, Frode and Zerefos, Christos},
year = {2005},
month = {08},
pages = {555-561},
title = {Aviation radiative forcing in 2000: An update on IPCC (1999)},
volume = {14},
journal = {Meteorologische Zeitschrift},
doi = {10.1127/0941-2948/2005/0049},
}

@book{IPCCReportOrig,
title = {Global Warming of 1.5°C. An IPCC Special Report on the impacts of global warming of 1.5°C above pre-industrial levels
and related global greenhouse gas emission pathways, in the context of strengthening the global response to the threat of climate
change, sustainable development, and efforts to eradicate poverty},
author = {Masson-Delmotte, V. and P. Zhai and H.-O. Pörtner and D. Roberts and J. Skea and
P.R. Shukla  and  A. Pirani  and  W. Moufouma-Okia and  C. Péan and  R. Pidcock and  S. Connors and  J.B.R. Matthews and  Y. Chen and  X. Zhou and  M.I. Gomis and  E. Lonnoy and 
T. Maycock and  M. Tignor and  and T. Waterfield (eds.)},
publisher = {IPCC},
year = {2018}
}

@book{IPCCReport,
title = {Global Warming of 1.5°C. An IPCC Special Report on the impacts of global warming of 1.5°C above pre-industrial levels
and related global greenhouse gas emission pathways, in the context of strengthening the global response to the threat of climate
change, sustainable development, and efforts to eradicate poverty},
author = {V. Masson-Delmotte and P. Zhai and H.-O. P\"ortner and D. Roberts and J. Skea and
P.R. Shukla  and  A. Pirani  and  W. Moufouma-Okia and  C. P\'ean and  R. Pidcock and  S. Connors and  J.B.R. Matthews and  Y. Chen and  X. Zhou and  M.I. Gomis and  E. Lonnoy and 
T. Maycock and  M. Tignor and  and T. Waterfield (eds.)},
publisher = {Intergovernmental Panel on Climate Change},
year = {2018}
}

